@article{li2013morphological,
  title={Morphological weighted penalized least squares for background correction},
  author={Li, Zhong and Zhan, De-Jian and Wang, Jia-Jun and Huang, Jing and Xu, Qing-Song and Zhang, Zhi-Min and Zheng, Yi-Bao and Liang, Yi-Zeng and Wang, Hong},
  journal={Analyst},
  volume={138},
  number={16},
  pages={4483--4492},
  year={2013},
  publisher={Royal Society of Chemistry}
}

@article{sichtprufungautomatische,
  title={Automatische Sichtprüfung: Grundlagen, Methoden und Praxis der Bildgewinnung und Bildauswertung},
  author={Jürgen Beyerer, Fernando Puente León, Christian Frese},
  isbn={9783662477854},
  url={https://link.springer.com/book/10.1007/978-3-662-47786-1},
  year={2016},
  pushlisher={Springer Vieweg Berlin, Heidelberg}
}

@book{strang2019linear,
  title={Linear Algebra and Learning from Data},
  author={Strang, G.},
  isbn={9780692196380},
  year={2019},
  publisher={Wellesley-Cambridge Press}
}

@misc{AMAW,
  title        = {All Models Are Wrong: Concepts of Statistical Learning},
  howpublished = {\url{https://allmodelsarewrong.github.io/pls.html}},
  note         = {Zuletzt abgerufen am 29.01.2024}
}

@book{howell2016principles,
  title={Principles of Fourier analysis},
  author={Howell, Kenneth B},
  year={2016},
  publisher={CRC Press}
}

@book{richter2021inverse,
  title={Inverse problems: Basics, theory and applications in geophysics},
  author={Richter, Mathias},
  year={2021},
  publisher={Springer Nature}
}