@article{lewis2018system,
  title={The system usability scale: past, present, and future},
  author={Lewis, James R},
  journal={International Journal of Human--Computer Interaction},
  volume={34},
  number={7},
  pages={577--590},
  year={2018},
  publisher={Taylor \& Francis}
}

@article{kortum2015measuring,
  title={Measuring the usability of mobile applications for phones and tablets},
  author={Kortum, Philip and Sorber, Mary},
  journal={International Journal of Human-Computer Interaction},
  volume={31},
  number={8},
  pages={518--529},
  year={2015},
  publisher={Taylor \& Francis}
}

@inproceedings{peres2013validation,
  title={Validation of the system usability scale (SUS) SUS in the wild},
  author={Peres, S Camille and Pham, Tri and Phillips, Ronald},
  booktitle={Proceedings of the Human Factors and Ergonomics Society Annual Meeting},
  volume={57},
  number={1},
  pages={192--196},
  year={2013},
  organization={SAGE Publications Sage CA: Los Angeles, CA}
}

@online{susgov,
  author = {},
  title = {System Usability Scale (SUS)},
  note = {\url{https://www.usability.gov/how-to-and-tools/methods/system-usability-scale.html}, zuletzt besucht 21.04.2022}
}

@online{susmeas,
  author = {},
  title = {Measuring and Interpreting System Usability Scale},
  note = {\url{https://uiuxtrend.com/measuring-system-usability-scale-sus}, zuletzt besucht 21.04.2022}
}

@online{sp1,
  author = {},
  title = {Confused Bill Cosby},
  note = {\url{http://memegenerator.net/instance/72623083/confused-bill-cosby-sus-admits-its-quick-and-dirty-still-most-used-system-usability-scale-tool}, zuletzt besucht 21.04.2022}
}

@article{harrati2016exploring,
  title={Exploring user satisfaction for e-learning systems via usage-based metrics and system usability scale analysis},
  author={Harrati, Nouzha and Bouchrika, Imed and Tari, Abdelkamel and Ladjailia, Ammar},
  journal={Computers in Human Behavior},
  volume={61},
  pages={463--471},
  year={2016},
  publisher={Elsevier}
}