@article{barcelo2014discrete,
  title     = {Discrete homology theory for metric spaces},
  author    = {Barcelo, H{\'e}l{\`e}ne and Capraro, Valerio and White, Jacob A},
  journal   = {Bulletin of the London Mathematical Society},
  volume    = {46},
  number    = {5},
  pages     = {889--905},
  year      = {2014},
  publisher = {Oxford University Press}
}

@misc{kvalheim2021pasting,
  title         = {A pasting lemma for Lipschitz functions},
  author        = {Matthew D. Kvalheim and Paul Gustafson and Samuel A. Burden},
  year          = {2021},
  eprint        = {2109.08209},
  archiveprefix = {arXiv},
  primaryclass  = {math.CA},
  archivePrefix = "arXiv",
  eprint        = "0707.3168",
  primaryClass  = "hep-th",
}

@book{munkres2000topology,
  title     = {Topology},
  author    = {Munkres, James R.},
  isbn      = {9780131816299},
  lccn      = {99052942},
  series    = {Featured Titles for Topology},
  url       = {https://books.google.de/books?id=XjoZAQAAIAAJ},
  year      = {2000},
  publisher = {Prentice Hall, Incorporated}
}

@book{sakai2013geometric,
  title     = {Geometric aspects of general topology},
  author    = {Sakai, Katsuro},
  year      = {2013},
  series    = {Springer Monographs in Mathematics},
  publisher = {Springer}
}

@article{vigolo2018fundamental,
  title     = {Fundamental groups as limits of discrete fundamental groups},
  author    = {Vigolo, Federico},
  journal   = {Bulletin of the London Mathematical Society},
  volume    = {50},
  number    = {5},
  pages     = {801--810},
  year      = {2018},
  publisher = {Wiley Online Library}
}