@article{lewis2018system,
  title={The system usability scale: past, present, and future},
  author={Lewis, James R},
  journal={International Journal of Human--Computer Interaction},
  volume={34},
  number={7},
  pages={577--590},
  year={2018},
  publisher={Taylor \& Francis}
}

@article{kortum2015measuring,
  title={Measuring the usability of mobile applications for phones and tablets},
  author={Kortum, Philip and Sorber, Mary},
  journal={International Journal of Human-Computer Interaction},
  volume={31},
  number={8},
  pages={518--529},
  year={2015},
  publisher={Taylor \& Francis}
}

@inproceedings{peres2013validation,
  title={Validation of the system usability scale (SUS) SUS in the wild},
  author={Peres, S Camille and Pham, Tri and Phillips, Ronald},
  booktitle={Proceedings of the Human Factors and Ergonomics Society Annual Meeting},
  volume={57},
  number={1},
  pages={192--196},
  year={2013},
  organization={SAGE Publications Sage CA: Los Angeles, CA}
}

@online{susgov,
  author = {},
  title = {System Usability Scale (SUS)},
  note = {\url{https://www.usability.gov/how-to-and-tools/methods/system-usability-scale.html}, zuletzt besucht 21.04.2022}
}

@online{susmeas,
  author = {},
  title = {Measuring and Interpreting System Usability Scale},
  note = {\url{https://uiuxtrend.com/measuring-system-usability-scale-sus}, zuletzt besucht 21.04.2022}
}

@online{sp1,
  author = {},
  title = {Confused Bill Cosby},
  note = {\url{http://memegenerator.net/instance/72623083/confused-bill-cosby-sus-admits-its-quick-and-dirty-still-most-used-system-usability-scale-tool}, zuletzt besucht 21.04.2022}
}


@online{wiki1,
  author = {},
  title = {System Usability Scale},
  note = {\url{https://en.wikipedia.org/wiki/System_usability_scale}, zuletzt besucht 22.04.2022}
}


@online{pic2,
  author = {},
  title = {How to conduct A/B Testing?},
  note = {\url{https://towardsdatascience.com/how-to-conduct-a-b-testing-3076074a8458}, zuletzt besucht 22.04.2022}
}


@online{pic3,
  author = {},
  title = {5 Ways to Interpret a SUS Score},
  note = {\url{https://measuringu.com/interpret-sus-score/}, zuletzt besucht 22.04.2022}
}


@article{young2009cultivating,
  title={Cultivating imagination: Ethics, education and literature},
  author={Young, Joni J and Annisette, Marcia},
  journal={Critical Perspectives on Accounting},
  volume={20},
  number={1},
  pages={93--109},
  year={2009},
  publisher={Elsevier}
}

@article{harrati2016exploring,
  title={Exploring user satisfaction for e-learning systems via usage-based metrics and system usability scale analysis},
  author={Harrati, Nouzha and Bouchrika, Imed and Tari, Abdelkamel and Ladjailia, Ammar},
  journal={Computers in Human Behavior},
  volume={61},
  pages={463--471},
  year={2016},
  publisher={Elsevier}
}