@book{ww,
  title={Winning ways for your mathematical plays, volume 1},
  author={Berlekamp, Elwyn R and Conway, John H and Guy, Richard K},
  year={2001},
  publisher={AK Peters/CRC Press}
}